@article{al2018langue,
  title={La langue et la qu{\^e}te de l'identit{\'e} dans l’{\oe}uvre d’Annie Ernaux},
  author={Al Saadi, Awatif Nsief Jassim and Ali, Enas Jasim},
  journal={Journal of the College of Languages (JCL)},
  number={37},
  pages={17--46},
  year={2018}
}
@phdthesis{lu2021caracterisation,
  title={Caract{\'e}risation des styles litt{\'e}raires par l’extraction automatique des patrons syntaxiques dans des romans fran{\c{c}}ais du 19{\`e}me si{\`e}cle},
  author={Lu, Yuanfeng},
  year={2021},
  school={Universit{\'e} Paris sciences et lettres}
}
@article{sercca2024sentiment,
  title={Le sentiment de la phrase: Langue, style, litt{\'e}rature au xxie si{\`e}cle Millet, Kerangal, Michon, Goux, Laurichesse, Mingarelli, Ernaux},
  author={Ser{\c{c}}a, Isabelle},
  journal={Litt{\'e}ratures},
  number={89},
  pages={215--229},
  year={2024},
  publisher={Presses universitaires du Mirail}
}
@article{garric2011vers,
  title={Vers une automatisation de l'analyse textuelle},
  author={Garric, Nathalie and Maurel-Indart, H{\'e}l{\`e}ne},
  journal={Texto! Textes et Cultures},
  volume={15},
  number={4 (2010) et XVI-n° 1},
  pages={79},
  year={2011}
}